<?xml version="1.0" encoding="UTF-8"?>
  <record xmlns="http://www.loc.gov/MARC21/slim" type="Authority">
    <leader>00000nz  a2200000oc 4500</leader>
    <controlfield tag="001">102443110X</controlfield>
    <controlfield tag="003">DE-101</controlfield>
    <controlfield tag="005">20200428103004.0</controlfield>
    <controlfield tag="008">120720n||aznnnaabn           | aaa    |c</controlfield>
    <datafield tag="024" ind1="7" ind2=" ">
      <subfield code="a">102443110X</subfield>
      <subfield code="0">http://d-nb.info/gnd/102443110X</subfield>
      <subfield code="2">gnd</subfield>
    </datafield>
    <datafield tag="035" ind1=" " ind2=" ">
      <subfield code="a">(DE-101)102443110X</subfield>
    </datafield>
    <datafield tag="035" ind1=" " ind2=" ">
      <subfield code="a">(DE-588)102443110X</subfield>
    </datafield>
    <datafield tag="040" ind1=" " ind2=" ">
      <subfield code="a">DE-27</subfield>
      <subfield code="c">DE-27</subfield>
      <subfield code="9">r:DE-12</subfield>
      <subfield code="b">ger</subfield>
      <subfield code="d">0023</subfield>
    </datafield>
    <datafield tag="042" ind1=" " ind2=" ">
      <subfield code="a">gnd3</subfield>
    </datafield>
    <datafield tag="043" ind1=" " ind2=" ">
      <subfield code="c">XA-DE</subfield>
    </datafield>
    <datafield tag="075" ind1=" " ind2=" ">
      <subfield code="b">p</subfield>
      <subfield code="2">gndgen</subfield>
    </datafield>
    <datafield tag="075" ind1=" " ind2=" ">
      <subfield code="b">piz</subfield>
      <subfield code="2">gndspec</subfield>
    </datafield>
    <datafield tag="079" ind1=" " ind2=" ">
      <subfield code="a">g</subfield>
      <subfield code="q">a</subfield>
      <subfield code="q">f</subfield>
    </datafield>
    <datafield tag="100" ind1="0" ind2=" ">
      <subfield code="a">Heinrich</subfield>
      <subfield code="b">V.</subfield>
      <subfield code="c">Reuß von Plauen</subfield>
      <subfield code="d">1602-1667</subfield>
    </datafield>
    <datafield tag="400" ind1="0" ind2=" ">
      <subfield code="a">Heinrich</subfield>
      <subfield code="b">V.</subfield>
      <subfield code="c">Reuß-Untergreiz</subfield>
      <subfield code="d">1602-1667</subfield>
    </datafield>
    <datafield tag="400" ind1="0" ind2=" ">
      <subfield code="a">Heinrich</subfield>
      <subfield code="b">V.</subfield>
      <subfield code="c">Reuß-Greiz</subfield>
      <subfield code="d">1602-1667</subfield>
    </datafield>
    <datafield tag="400" ind1="0" ind2=" ">
      <subfield code="a">Heinrich</subfield>
      <subfield code="b">V.</subfield>
      <subfield code="c">Greiz, Herr</subfield>
      <subfield code="d">1602-1667</subfield>
    </datafield>
    <datafield tag="400" ind1="0" ind2=" ">
      <subfield code="a">Heinrich</subfield>
      <subfield code="b">V.</subfield>
      <subfield code="c">Untergreiz, Herr</subfield>
      <subfield code="d">1602-1667</subfield>
    </datafield>
    <datafield tag="400" ind1="0" ind2=" ">
      <subfield code="a">Heinrich</subfield>
      <subfield code="b">V.</subfield>
      <subfield code="c">Burgk, Herr</subfield>
      <subfield code="d">1602-1667</subfield>
    </datafield>
    <datafield tag="400" ind1="0" ind2=" ">
      <subfield code="a">Heinrich</subfield>
      <subfield code="b">V.</subfield>
      <subfield code="c">Reuss Ältere Linie</subfield>
      <subfield code="d">1602-1667</subfield>
    </datafield>
    <datafield tag="400" ind1="0" ind2=" ">
      <subfield code="a">Heinrich</subfield>
      <subfield code="b">V.</subfield>
      <subfield code="c">Reuß-Plauen</subfield>
      <subfield code="d">1602-1667</subfield>
    </datafield>
    <datafield tag="400" ind1="0" ind2=" ">
      <subfield code="a">Henricus</subfield>
      <subfield code="b">V.</subfield>
      <subfield code="c">Reuß-Plauen</subfield>
      <subfield code="d">1602-1667</subfield>
    </datafield>
    <datafield tag="400" ind1="0" ind2=" ">
      <subfield code="a">Henricus</subfield>
      <subfield code="b">V.</subfield>
      <subfield code="c">Ruthenus a Plauen</subfield>
      <subfield code="d">1602-1667</subfield>
    </datafield>
    <datafield tag="500" ind1="0" ind2=" ">
      <subfield code="0">(DE-101)104254114</subfield>
      <subfield code="0">(DE-588)104254114</subfield>
      <subfield code="0">https://d-nb.info/gnd/104254114</subfield>
      <subfield code="a">Heinrich</subfield>
      <subfield code="b">V.</subfield>
      <subfield code="c">Reuß-Untergreiz</subfield>
      <subfield code="d">1549-1604</subfield>
      <subfield code="4">bezf</subfield>
      <subfield code="4">https://d-nb.info/standards/elementset/gnd#familialRelationship</subfield>
      <subfield code="w">r</subfield>
      <subfield code="i">Beziehung familiaer</subfield>
      <subfield code="e">Beziehung familiaer</subfield>
      <subfield code="9">v:Vater</subfield>
    </datafield>
    <datafield tag="548" ind1=" " ind2=" ">
      <subfield code="a">1602-1667</subfield>
      <subfield code="4">datl</subfield>
      <subfield code="4">https://d-nb.info/standards/elementset/gnd#dateOfBirthAndDeath</subfield>
      <subfield code="w">r</subfield>
      <subfield code="i">Lebensdaten</subfield>
    </datafield>
    <datafield tag="548" ind1=" " ind2=" ">
      <subfield code="a">04.12.1602-07.03.1667</subfield>
      <subfield code="4">datx</subfield>
      <subfield code="4">https://d-nb.info/standards/elementset/gnd#dateOfBirthAndDeath</subfield>
      <subfield code="w">r</subfield>
      <subfield code="i">Exakte Lebensdaten</subfield>
    </datafield>
    <datafield tag="551" ind1=" " ind2=" ">
      <subfield code="0">(DE-101)040219720</subfield>
      <subfield code="0">(DE-588)4021972-0</subfield>
      <subfield code="0">https://d-nb.info/gnd/4021972-0</subfield>
      <subfield code="a">Greiz</subfield>
      <subfield code="4">ortg</subfield>
      <subfield code="4">https://d-nb.info/standards/elementset/gnd#placeOfBirth</subfield>
      <subfield code="w">r</subfield>
      <subfield code="i">Geburtsort</subfield>
    </datafield>
    <datafield tag="551" ind1=" " ind2=" ">
      <subfield code="a">Untergreiz</subfield>
      <subfield code="4">ortw</subfield>
      <subfield code="4">https://d-nb.info/standards/elementset/gnd#placeOfActivity</subfield>
      <subfield code="w">r</subfield>
      <subfield code="i">Wirkungsort</subfield>
    </datafield>
    <datafield tag="551" ind1=" " ind2=" ">
      <subfield code="0">(DE-101)042372410</subfield>
      <subfield code="0">(DE-588)4237241-0</subfield>
      <subfield code="0">https://d-nb.info/gnd/4237241-0</subfield>
      <subfield code="a">Burgk</subfield>
      <subfield code="4">ortw</subfield>
      <subfield code="4">https://d-nb.info/standards/elementset/gnd#placeOfActivity</subfield>
      <subfield code="w">r</subfield>
      <subfield code="i">Wirkungsort</subfield>
    </datafield>
    <datafield tag="551" ind1=" " ind2=" ">
      <subfield code="0">(DE-101)041969200</subfield>
      <subfield code="0">(DE-588)4196920-0</subfield>
      <subfield code="0">https://d-nb.info/gnd/4196920-0</subfield>
      <subfield code="a">Zeulenroda</subfield>
      <subfield code="4">ortw</subfield>
      <subfield code="4">https://d-nb.info/standards/elementset/gnd#placeOfActivity</subfield>
      <subfield code="w">r</subfield>
      <subfield code="i">Wirkungsort</subfield>
    </datafield>
    <datafield tag="667" ind1=" " ind2=" ">
      <subfield code="a">VD-17</subfield>
    </datafield>
    <datafield tag="670" ind1=" " ind2=" ">
      <subfield code="a">wikipedia.org/wiki/Stammliste_von_Reuß. -  www.geni.com/people</subfield>
    </datafield>
    <datafield tag="678" ind1=" " ind2=" ">
      <subfield code="b">Stifter des Hauses Untergreiz; Reuß von Plauen, Herr zu Untergreiz (1604-1616) und (1625-1667), Herr zu Greiz (1616-1625), Herr zu Burgk (1643-1667); erhält 1616 nach Aussterben der mittleren Linie († Heinrich XVIII.) das obere Schloss zu Greiz, sowie die halbe Stadt Greiz  (Obergreiz) und die Stadt Zeulenroda und bleibt im gemeinsamen Besitz mit seinem Bruder Heinrich IV. bis 1625, erhält in der brüderlichen Teilung von 1625 die Herrschaft Untergreiz, bekommt 1643 die Herrschaft Burgk mit Ausnahme der Dörfer Friesau, Zoppoten und Röppisch; Hochzeit  am 28. November 1630 in Greiz mit Anna Marie, Wild- und Rheingräfin zu Salm-Neufville (* 10. August 1606 in Neufville-sur-Moselle; † 20. November 1651 in Greiz; bestattet 19. Februar 1652 ebenda), Tochter von Friedrich I., Wild- und Rheingraf zu Salm-Neufville (1547-1608) und Gräfin Anna Amalia zu Erbach (1577-1630)</subfield>
    </datafield>
  </record>
